<?xml version="1.0" encoding="utf-8"?>
<record xmlns="http://www.loc.gov/MARC21/slim" xmlns:xsi="http://www.w3.org/2001/XMLSchema-instance" xsi:schemaLocation="http://www.loc.gov/MARC21/slim http://www.loc.gov/standards/marcxml/schema/MARC21slim.xsd">
	<leader>     nam a22     Mi 4500</leader>
	<controlfield tag="001">2762882</controlfield>
	<controlfield tag="003">NjP</controlfield>
	<controlfield tag="006">m        d        </controlfield>
	<controlfield tag="007">cr cn |||m|||a</controlfield>
	<controlfield tag="008">200327s1962    sy ch   o     000 0 ara c</controlfield>
	<datafield ind1=" " ind2=" " tag="040">
		<subfield code="a">ZYU</subfield>
		<subfield code="b">ara</subfield>
		<subfield code="e">rda</subfield>
		<subfield code="c">ZYU</subfield>
	</datafield>
	<datafield ind1=" " ind2="4" tag="050">
		<subfield code="a">D198.3</subfield>
		<subfield code="b">.F22</subfield>
	</datafield>
	<datafield ind1="1" ind2=" " tag="100">
		<subfield code="a">Farfūr, Muhammad Sālih.</subfield>
	</datafield>
	<datafield ind1="1" ind2="3" tag="245">
		<subfield code="a">al-Durr al-manthūr /</subfield>
		<subfield code="c">li-S̥ālih̥ Farfūr ; ala al-d̥iyāʼ al-mawfūr fī aʻyān Banī Farfūr li-Muh̥ammad Jamīl al-Shat̥t̥ī.</subfield>
	</datafield>
	<datafield ind1=" " ind2=" " tag="260">
		<subfield code="a">Dimashq :</subfield>
		<subfield code="b">Mat̥baʻat al-Taraqqī,</subfield>
		<subfield code="c">1962.</subfield>
	</datafield>
	<datafield ind1=" " ind2=" " tag="300">
		<subfield code="a">online resource (203 pages) :</subfield>
		<subfield code="b">portraits, facsimiles</subfield>
	</datafield>
	<datafield ind1=" " ind2=" " tag="336">
		<subfield code="a">text</subfield>
		<subfield code="2">rdacontent</subfield>
	</datafield>
	<datafield ind1=" " ind2=" " tag="337">
		<subfield code="a">computer</subfield>
		<subfield code="2">rdamedia</subfield>
	</datafield>
	<datafield ind1=" " ind2=" " tag="338">
		<subfield code="a">online resource</subfield>
		<subfield code="2">rdacarrier</subfield>
	</datafield>
	<datafield ind1=" " ind2=" " tag="500">
		<subfield code="a">Part of the Arabic Collections Online (ACO) project, contributed by Princeton University Libraries.</subfield>
	</datafield>
	<datafield ind1=" " ind2=" " tag="533">
		<subfield code="a">Electronic reproduction.</subfield>
		<subfield code="b">New York, N.Y. :</subfield>
		<subfield code="c">New York University,</subfield>
		<subfield code="d">2020.</subfield>
		<subfield code="5">NNU</subfield>
	</datafield>
	<datafield ind1="3" ind2="0" tag="600">
		<subfield code="a">Farfūr family.</subfield>
	</datafield>
	<datafield ind1="1" ind2="0" tag="600">
		<subfield code="a">Shaṭṭī, Mụḥammad Jamīl,</subfield>
		<subfield code="d">1882-</subfield>
		<subfield code="t">D̥iyā al-mawfūr fī aʻsyān Banī Farfūr.</subfield>
	</datafield>
	<datafield ind1="3" ind2="7" tag="600">
		<subfield code="a">Farfūr family.</subfield>
		<subfield code="2">fast</subfield>
		<subfield code="0">(OCoLC)fst00361625</subfield>
	</datafield>
	<datafield ind1="2" ind2=" " tag="710">
		<subfield code="a">Princeton University.</subfield>
		<subfield code="b">Library.</subfield>
	</datafield>
	<datafield ind1="0" ind2=" " tag="730">
		<subfield code="a">Arabic Collections Online.</subfield>
	</datafield>
	<datafield ind1="0" ind2="8" tag="776">
		<subfield code="i">Online version:</subfield>
		<subfield code="a">Farfūr, Muhammad Sālih.</subfield>
		<subfield code="t">Durr al-manthūr.</subfield>
		<subfield code="d">Dimashq : Mat̥baʻat al-Taraqqī, 1962</subfield>
		<subfield code="w">(OCoLC)568722804</subfield>
	</datafield>
	<datafield ind1="0" ind2="8" tag="776">
		<subfield code="i">Print version:</subfield>
		<subfield code="a">Farfūr, Muhammad Sālih.</subfield>
		<subfield code="t">al-Durr al-manthūr</subfield>
		<subfield code="w">(NjP)2762882</subfield>
		<subfield code="w">(DLC)ne 65000446 </subfield>
		<subfield code="w">(OCoLC)23514115</subfield>
	</datafield>
	<datafield ind1="4" ind2="0" tag="856">
		<subfield code="u">http://hdl.handle.net/2333.1/63xsjdg0</subfield>
	</datafield>
	<datafield ind1=" " ind2=" " tag="959">
		<subfield code="a">NNU</subfield>
		<subfield code="b">WEB</subfield>
		<subfield code="c">GENI</subfield>
		<subfield code="t">0</subfield>
		<subfield code="m">Electronic access</subfield>
		<subfield code="s">01</subfield>
	</datafield>
	<datafield ind1=" " ind2=" " tag="999">
		<subfield code="i">NjP_2762882</subfield>
		<subfield code="o">(OCoLC)ocm23514115 </subfield>
		<subfield code="s">princeton_aco002385</subfield>
		<subfield code="e">(ERROR-880)</subfield>
	</datafield>
</record>
